@BOOK{aps,
  AUTHOR =       {P. Felzenszwalb and D. Huttenlocher},

  TITLE =        {Efficient belief propagation for early vision},

}
