@BOOK{aps,
  AUTHOR = {"Felzenszwalb and D.Huttenlocher"},

  TITLE = {"Efficient belief propagation for early vision"},
  %bibitem{Li Zhoue}
%
%\textit{
%International Journal of Signal Processing, Image Processing and Pattern Recognition
@{a1
   AUTHOR =       {"Li Zhou, Tao Sun, Yuanzhi Zhan and Jia Wang."},

  TITLE =        {"Software and Hardware Implementations of Stereo Matching"},
  volume= Vol.7, No.4 (2014), pp.37-56
  }

 AUTHOR =       {},

  TITLE =        {},

 AUTHOR =       {},

  TITLE =        {},

 AUTHOR =       {},

  TITLE =        {},

 AUTHOR =       {},

  TITLE =        {},

 AUTHOR =       {},

  TITLE =        {},

 AUTHOR =       {},

  TITLE =        {},

 AUTHOR =       {},

  TITLE =        {},

 AUTHOR =       {},

  TITLE =        {},

 AUTHOR =       {},

  TITLE =        {},

 AUTHOR =       {},

  TITLE =        {},

 AUTHOR =       {},

  TITLE =        {},


}
