@{aps,
  AUTHOR =     " ss"{Patil},

  TITLE =        ss{MIS},

}
\bibitem{Chia}
Chia-Kai Liang, Chao-Chung Cheng, Yen-Chieh Lai,
Liang-Gee Chen,Homer H. Chen
\textit{Hardware-Efficient Belief Propagation }
ieee transactions on circuits and systems for video technology, VOL. 21, NO. 5, MAY 2011
