
%%%%%%%%%%% BOOKS %%%%%%%%%%%

@book{pearl,
	author={Judea Pearl},
	title={Probabilistic Reasoning in Intelligent Systems},
	publisher={Kaufmann Morgann},
	year={1998},
	address={California},
}

@book{FCBook_4_sabatier_agrawal_machado,
	editor={J. Sabatier and O. P. Agrawal and J. A. Tenriero Machado},
	title={Advances in Fractional Calculus: Theoretical Developments and Applications
    in Physics and Engineering},
	publisher={Springer},
	year={2007},
	address={USA},
}

%%%%%%%%%%%%%%% PAPERS %%%%%%%%%%%%%%%%%%%%%%%%%


@article{Komine_Nakagawa,
	author={Toshihiko Komine and Masao Nakagawa},
	title={Fundamental Analysis for Visible-Light Communication System using LED Lights},
	journal={IEEE},
	year={2004},
	volume={50},
    number={1},
	%pages={1967--1976},
}
@article{Jacqueline_J,
	author={Jacqueline J. George},
	title={A Survey on Visible Light Communication},
	journal={International Journal Of Engineering And Computer Science},
	year={2014},
	volume={3},
    number={2},
	pages={3805--3808},
}
@article{Saadi_Wattisuttikulkij_Zhao_Sangwongngam,
	author={M. Saadi and L. Wattisuttikulkij and Y. Zhao and P. Sangwongngam},
	title={Visible Light Communication: Opportunities, Challenges and Channel Models},
	journal={International Journal of Electronics and Informatics},
	year={2013},
	volume={2},
    number={1},
	%pages={3805--3808},
}

@article{OPAgrawal_2_agrawal_defterli_baleanu,
	author={O. P. Agrawal and O. Defterli and D. Baleanu},
	title={Fractional optimal control problems with several state and control variables},
	journal={Journal of Vibration and Control},
	year={2010},
	volume={16},
    number={13},
	pages={1967--1976},
}

@CONFERENCE{sheng_li_chen,
  author = {H. Sheng and Y. Li and Y. Q. Chen},
  title =  {Application of Numerical Inverse {L}aplace Transform Algorithms in Fractional Calculus},
  booktitle = {The 4th IFAC Workshop on Fractional Differentiation and its Applications},
  year = {2010},
  address = {Badajoz, Spain},
  month = {October}
}

%%%%%%%%%%%%%PhD Thesis%%%%%%%
@PHDTHESIS{connolly_thesis,
  AUTHOR =       {J. A. Connolly},
  TITLE =        {The numerical solution of fractional and distributed order differential equations},
  SCHOOL =       {University of Liverpool, UK},
  YEAR =         {2004}
}

%%URLs/websites%%%
@misc{website:mlfPodlubnyMaTLABCentralFileExchange,
      author = {Igor Podlubny},
      title = {Mittag-{L}effler function - {F}ile {E}xchange - {MATLAB} {C}entral},
      month = {October},
      year = 2005,
      howpublished = {\url{http://www.mathworks.com/matlabcentral/fileexchange/8738}}
}

@misc{website:wikipedia,
      %author = {Igor Podlubny},
      title = {Visible light Communication},
      %month = {October},
      %year = 2005,
      howpublished = {\url{http://en.wikipedia.org/wiki/Visible_light_communication}}
}
