@BOOK{aps,
  AUTHOR =       {Patil},

  TITLE =        {MIS},

}
