\bibitem{Stephen Moffat}
Stephen Moffat
\textit{Power Point Advance 2010 }.
the mouse training company. revised edition , USA , 20013.
\bibitem{Shelley Fishel}
Shelley Fishel.
\textit{Power Point Advance 2013 }.
the mouse training company. revised edition., London.2013.

\bibitem{Negriono}
Neriono
\textit{Microsoft Office Powerpoint Visual quick Start Guide}.
Pearson Education India.New Delhi,2012
%[\textit{}].



\bibitem{Codeman Lisa }
Codeman Lisa
\textit{Microsoft Power Point }.
%[\textit{On the electrodynamics of moving bodies}].
Wikipedia, the free encyclopedia

\bibitem{Carlo satta}
 Carlo satta
 \\\texttt{http://www.presentation-process.com/powerpoint-tutorial.html/Infographics}

\bibitem {Heather Ackmann }
Heather Ackmann
\\\textit {Instructor ,Microsoft certified Master, Hyperlinks with Actions}
www.trainsignal.com. sydney

\bibitem {Varvark }
Varvark
\\\textit {Using Graphs and Tables on Presentation Slides Think Outside The Slide PowerPoint 2013 }
www.gethelp.library.upenn.edu , New York

 \bibitem{Anna willms web }
Anna willms webb
\textit{}.
\textit{Hyperlinks and Action ButtonsBrowser HTML }

\bibitem{Thomas seymat and Thomas Rickver }

Thomas seymat and Thomas Rickver
\textit{http://www.presentation-process.com/powerpoint-tutorial.html.Infographics}.
%[\textit{On the electrodynamics of moving bodies}].
\bibitem{Anna and Bob}
Anna and Bob
\textit{from goodwill community foundation,http://www.gcflearnfree.org}
